@incollection{Ackerman_partsand,
    author = {Farrell Ackerman and Robert Malouf},
    title = {Parts and wholes: Patterns of relatedness in complex morphological systems and why they matter},
    year = {2009},
    booktitle = {Analogy in grammar: Form and acquisition},
    editor = {J. P. Blevins and J. Blevins},
    pages = {54--82},
    publisher = {Oxford University Press},
    address = {Oxford}
}

@inproceedings{ahlberg_semi-supervised_2014,
	location = {Gothenburg, Sweden},
	title = {Semi-supervised learning of morphological paradigms and lexicons},
	url = {http://www.aclweb.org/anthology/E/E14/E14-1.pdf#page=595},
	pages = {569--578},
	booktitle = {Proceedings of 14th Conference of the European Chapter of the Association for Computational Linguistics},
	publisher = {Association for Computational Linguistics},
	author = {Ahlberg, Malin and Forsberg, Markus and Hulden, Mans},
	year = {2014}
}

@inproceedings{ahlberg_paradigm_2015,
	location = {Denver, Colorado},
	title = {Paradigm classification in supervised learning of morphology},
	pages = {1024--1029},
	booktitle = {Proceedings of the 2015 Conference of the North American Chapter of the Association for Computational Linguistics: Human Language Technologies},
	publisher = {Association for Computational Linguistics},
	author = {Ahlberg, Malin and Forsberg, Markus and Hulden, Mans},
	year = {2015}
}
@article{andrews_bayesian_2017,
	title = {Bayesian Modeling of Lexical Resources for Low-Resource Settings},
	volume = {1},
	pages = {1029--1039},
	journal = {Proceedings of the 55th Annual Meeting of the Association for Computational Linguistics (Volume 1: Long Papers)},
	author = {Andrews, Nicholas and Dredze, Mark and Durme, Benjamin Van and Eisner, Jason},
	year = {2017}
}

@phdthesis{adams_automatic_2017,
	title = {Automatic understanding of unwritten languages},
	school = {University of Melbourne},
	type = {Phd thesis},
	author = {Adams, Oliver},
	year = {2017}
}
@article{Baldridge06,
  title={Active learning and logarithmic opinion pools for HPSG parse selection},
  author={Baldridge, Jason and Osborne, Miles},
  journal={Natural Language Engineering},
  volume={14},
  number={2},
  pages={191--222},
  year={2008},
  publisher={Cambridge University Press}
}
@inproceedings{Baroni02unsuperviseddiscovery,
  title={Unsupervised discovery of morphologically related words based on orthographic and semantic similarity},
  author={Baroni, Marco and Matiasek, Johannes and Trost, Harald},
  booktitle={Proceedings of the ACL-02 workshop on Morphological and phonological learning-Volume 6},
  pages={48--57},
  year={2002},
  organization={Association for Computational Linguistics}
}
@inproceedings{baumann_using_2014,
	title = {Using Resource-Rich Languages to Improve Morphological Analysis of Under-Resourced Languages},
	booktitle = {Proceedings of the Ninth International Conference on Language Resources and Evaluation ({LREC}-2014)},
	author = {Baumann, Peter and Pierrehumbert, Janet},
	year = {2014}
}
@article{bird_documentary_2015,
	title = {Documentary Linguistics and Computational Linguistics: A response to Brooks},
	author = {Bird, Steven and Chiang, David and Frowein, Friedel and Hanke, Florian and Vaswani, Ashish},
	journal = {Language Documentation and Consveration},
	year = {2015}
}

@inproceedings{bird_aikuma:_2014,
	location = {Baltimore, Maryland, {USA}},
	title = {Aikuma: A mobile app for collaborative language documentation},
	pages = {1--5},
	booktitle = {Proceedings of the 2014 Workshop on the Use of Computational Methods in the Study of Endangered Languages},
	publisher = {Association for Computational Linguistics},
	author = {Bird, Steven and Hanke, Florian and Adams, Oliver and Haejoong, Lee},
	year = {2014}
}
@INPROCEEDINGS{Black06FLEX,
    author = {Black, H. Andrew and Gary F. Simons},
    title = {The SIL FieldWorks Language Explorer Approach to Morphological Parsing},
    booktitle = {In Computational Linguistics for Less-studied Languages: Proceedings of Texas Linguistics Society},
    publisher = {Texas Linguistics Society},
    year = {2006}
}

@book{boerger_language_2016,
	title = {Language and {Culture} {Documentation} {Manual}},
	publisher = {Leanpub},
	author = {Boerger, Brenda H. and Moeller, Sarah Ruth and Reiman, Will and Self, Stephen},
	year = {2016}
}

@incollection{bouda_corpus_2012,
	title = {From corpus to grammar: how {DOBES} corpora can be exploited for descriptive linguistics},
	url = {https://scholarspace.manoa.hawaii.edu/bitstream/handle/10125/4533/bouda.pdf},
	series = {Language Documentation \& Conservation Special Publication},
	publisher = {University of Hawaii},
	pages = {129--159},
	number = {4},
	booktitle = {Electronic Grammaticography},
	author = {Bouda, Peter and Helmbrecht, Johannes and München, Ludwig-Maximilians-Universität},
	editor = {Nordhoff, Sebastian},
	year = {2012}
}

@book{cowell_arapaho_2008,
	title = {The {Arapaho} {Language}},
	isbn = {978-0-87081-901-8},
	publisher = {University Press of Colorado},
	author = {Cowell, Andrew and Moss, Alonzo},
	year = {2008}
}

@inproceedings{de_marneffe_universal_2014,
	title = {Universal Stanford dependencies: A cross-linguistic typology.},
	volume = {14},
	pages = {4585--92},
	booktitle = {{LREC}},
	author = {De Marneffe, Marie-Catherine and Dozat, Timothy and Silveira, Natalia and Haverinen, Katri and Ginter, Filip and Nivre, Joakim and Manning, Christopher D.},
	year = {2014}
}
@phdthesis{duong_natural_2017,
	location = {Melbourne, Australia},
	title = {Natural language processing for resource-poor languages},
	school = {University of Melbourne},
	type = {Phd thesis},
	author = {Duong, Long},
	year = {2017}
}

@ARTICLE{Elman91,
    author = {Jeffrey L. Elman},
    title = {Distributed Representations, Simple Recurrent Networks, and Grammatical Structure},
    journal = {MACHINE LEARNING},
    year = {1991},
    volume = {7},
    number = {2},
    pages = {195--225}
}

@thesis{felt_improving_2012,
	title = {Improving the Effectiveness of Machine-Assisted Annotation},
	institution = {Brigham Young University},
	type = {Thesis},
	author = {Felt, Paul},
	date = {2012}
}

@article{finkel_principal_2007,
	title = {Principal parts and morphological typology},
	volume = {17},
	pages = {39--75},
	number = {1},
	journal = {Morphology},
	author = {Finkel, Raphael and Stump, Gregory},
	year = {2007}
}

@book{goldberg_neural_2017,
	title = {Neural Network Methods for Natural Language Processing},
	series = {Synthesis Lectures on Human Language Technologies},
	pagetotal = {309},
	number = {37},
	publisher = {Morgan \& Claypool},
	author = {Goldberg, Yoav},
	year = {2017}
}

@inproceedings{foley_elpis_2018,
	title = {Building Speech Recognition Systems for Language Documentation: The {CoEDL} Endangered Language Pipeline and Inference System},
	booktitle = {Proceedings of the 6th International Workshop on Spoken Language Technologies for Under-resourced Languages ({SLTU} 2018)},
	author = {Foley, Ben and Arnold, Josh and Coto-Solano, Rolando and Durantin, Gautier and Ellison, T. Mark and Esch, Daan van and Heath, Scott and Kratochvíl, František and Maxwell-Smith, Zara and Nash, David and Olsson, Ola and Richards, Mark and San, Nay and Stoakes, Hywel and Thieberger, Nick and Wiles, Janet},
	year = {2018}
}
@inproceedings{forsberg_learning_2016,
	location = {Berlin, Germany},
	title = {Learning Transducer Models for Morphological Analysis from Example Inflections},
	pages = {42--50},
	booktitle = {Proceedings of the {SIGFSM} Workshop on Statistical {NLP} and Weighted Automata},
	publisher = {Association for Computational Linguistics},
	author = {Forsberg, Markus and Hulden, Mans},
	year = {2016}
}
@inproceedings{kothur_document-level_2018,
	location = {Melbourne, Australia},
	title = {Document-Level Adaptation for Neural Machine Translation},
	pages = {64--73},
	booktitle = {Proceedings of the 2nd Workshop on Neural Machine Translation and Generation},
	publisher = {Association for Computational Linguistics},
	author = {Kothur, Sachith Sri Ram and Knowles, Rebecca and Koehn, Philipp},
	year = {2018}
}
@inproceedings{hedderich_training_2018,
	location = {Melbourne},
	title = {Training a Neural Network in a Low-Resource Setting on Automatically Annotated Noisy Data},
	pages = {12--19},
	booktitle = {Proceedings of the Workshop on Deep Learning Approaches for Low-Resource NLP},
	publisher = {Association for Computational Linguistics},
	author = {Hedderich, Michael A. and Klakow, Dietrich},
	year = {2018}
}
@article{himmelmann_documentary_1998,
	title = {Documentary and Descriptive Linguistics},
	pages = {161--195},
	volume = {36},
	journal = {Linguistics},
	author = {Himmelmann, Nikolaus P.},
	year = {1998}
}
@article{hochreiter_1997,
 author = {Hochreiter, Sepp and Schmidhuber, J\"{u}rgen},
 title = {Long Short-Term Memory},
 journal = {Neural Computation},
 issue_date = {November 15, 1997},
 volume = {9},
 number = {8},
 month = nov,
 year = {1997},
 pages = {1735--1780},
 numpages = {46},
 publisher = {MIT Press},
 address = {Cambridge, MA, USA}
} 
@inproceedings{kann_fortification_2018,
	location = {New Orleans, Louisiana},
	title = {Fortification of Neural Morphological Segmentation Models for Polysynthetic Minimal-Resource Languages},
	pages = {47--57},
	booktitle = {Proceedings of the 2018 Conference of the North American Chapter of the Association for Computational Linguistics: Human Language Technologies, Volume 1 (Long Papers)},
	publisher = {Association for Computational Linguistics},
	author = {Kann, Katharina and Mager Hois, Jesus Manuel and Meza Ruiz, Ivan Vladimir and Schütze, Hinrich},
	year = {2018}
}
@inproceedings{lehmann_documentation_1999,
	location = {Erfurt},
	title = {Documentation of endangered languages: A priority task for linguistics},
	volume = {1},
	booktitle = {Arbeitspapiere des Seminars fur Sprachwissenschaft der Universitat Eurfurt},
	publisher = {Seminar fur Sprachwissenschaft der Universitat},
	author = {Lehmann, Christian},
	year = {1999}
}
@inproceedings{liu_morphological_2018,
	location = {Brussels},
	title = {Morphological Reinflection in Context: {CU} Boulder's Submission to {CoNLL}-{SIGMORPHON} 2018 Shared Task},
	pages = {86--92},
	booktitle = {Proceedings of the {CoNLL} {SIGMORPHON} 2018 Shared Task: Universal Morphological Reinflection},
	publisher = {Association for Computational Linguistics},
	author = {Liu, Ling and Subbiah, Ilamvazhuthy and Wiemerslage, Adam and Lilley, Jonathan and Moeller, Sarah},
	year = {2018}
}

@inproceedings{liu_leveraging_2020,
	title = {Leveraging {Principal} {Parts} for {Morphological} {Inflection}},
	url = {https://www.aclweb.org/anthology/2020.sigmorphon-1.17},
	urldate = {2020-07-20},
	booktitle = {Proceedings of the 17th {SIGMORPHON} {Workshop} on {Computational} {Research} in {Phonetics}, {Phonology}, and {Morphology}},
	publisher = {Association for Computational Linguistics},
	author = {Liu, Ling and Hulden, Mans},
	month = jul,
	year = {2020},
	pages = {153--161}
}

@article{lupke_data_2010,
	title = {Data collection methods for field-based language documentation},
	volume = {7},
	pages = {55--104},
	journal = {Language Documentation and Description},
	author = {Lupke, Friederike},
	year = {2010}
}
@inproceedings{moeller_automatic_2018,
	location = {Santa Fe, New Mexico, {USA}},
	title = {Automatic Glossing in a Low-Resource Setting for Language Documentation},
	pages = {84--93},
	booktitle = {Proceedings of the Workshop on Computational Modeling of Polysynthetic Languages},
	publisher = {Association for Computational Linguistics},
	author = {Moeller, Sarah and Hulden, Mans},
	year = {2018}
}
@inproceedings{moeller_neural_2018,
	location = {Santa Fe, New Mexico, {USA}},
	title = {A Neural Morphological Analyzer for Arapaho Verbs Learned from a Finite State Transducer},
	pages = {12--20},
	booktitle = {Proceedings of the Workshop on Computational Modeling of Polysynthetic Languages},
	publisher = {Association for Computational Linguistics},
	author = {Moeller, Sarah and Kazeminejad, Ghazaleh and Cowell, Andrew and Hulden, Mans},
	year = {2018}
}
@inproceedings{moeller_improving_2019,
	title = {Improving Low-Resource Morphological Learning with Intermediate Forms from Finite State Transducers},
	author = {Moeller, Sarah and Kazeminejad, Ghazaleh and Cowell, Andrew and Hulden, Mans},
    booktitle = {Proceedings of the Workshop on Computational Methods for Endangered Languages},
	year = {2019},
    location = {Honolulu, HI}
}
@inproceedings{rocio_detection_2007,
	location = {Berlin, Heidelberg},
	title = {Detection of Strange and Wrong Automatic Part-of-Speech Tagging},
	volume = {4874},
	pages = {683--690},
	booktitle = {Proceedings of the Aritficial Intelligence 13th Portuguese Conference on Progress in Artificial Intelligence},
	publisher = {Springer Berlin Heidelberg},
	author = {Rocio, Vitor and Silva, Joaquim and Lopes, Gabriel},
	year = {2007}
}
@book{simons_ethnologue:_2018,
	location = {Dallas, Texas},
	edition = {Twenty-first},
	title = {Ethnologue: Languages of the World},
	publisher = {{SIL} International},
	editor = {Simons, Gary F. and Fennig, Charles D.},
	year = {2018}
}
@inproceedings{sutskever2014,
   author    = {Ilya Sutskever and
                Oriol Vinyals and
                Quoc V. Le},
   title     = {Sequence to Sequence Learning with Neural Networks},
   booktitle = {Advances in Neural Information Processing Systems (NIPS)},
   location =  {Montreal, Quebec, Canada},
   pages     = {3104--3112},
   year      = {2014}
 }
@article{thieberger_using_2012,
	title = {Using language documentation data in a broader context},
	volume = {3},
	pages = {129--134},
	journal = {Language Documentation \& Conservation Special Publication},
	author = {Thieberger, Nicholas},
	year = {2012}
}

@article{thieberger_assessing_2016,
	title = {Assessing Annotated Corpora as Research Output},
	volume = {36},
	pages = {1--21},
	number = {1},
	journal = {Australian Journal of Linguistics},
	author = {Thieberger, Nick and Margetts, Anna and Morey, Stephen and Musgrave, Simon},
	year = {2016}
}
@article{vallejos_integrating_2014,
	title = {Integrating Language Documentation, Language Preservation, and Linguistic Research: Working with the Kokamas from the Amazon},
	volume = {8},
	pages = {38--65},
	journal = {Language Documentation \& Conservation},
	author = {Vallejos, Rosa},
	year = {2014}
}
@inproceedings{auer_elan_2010,
	location = {Paris: {ELRA}},
	title = {{ELAN} as Flexible Annotation Framework for Sound and Image Processing Detectors.},
	pages = {890--893},
	booktitle = {European Language Resources Association {LREC} 2010: Proceedings of the 7th International Language Resources and Evaluation},
	publisher = {European Language Resources Association},
	author = {Auer, Eric and Russel, Albert and Sloetjes, Han and Wittenburg, Peter and Schreer, Oliver and Masnieri, S. and Schneider, Daniel and Tschöpel, Sebastian},
	editor = {Calzolari, Nicoletta and Choukri, Khalid and Maegaard, Bente and Mariani, Joseph and Odijk, Jan and Piperidis, Stelios and Rosner, Mike and Tapias, Daniel},
	year = {2010}
}

@article{austin_language_2014,
	title = {Language documentation in the 21st century},
	volume = {0},
	pages = {57--71},
	number = {3},
	journal = {{JournaLIPP}},
	author = {Austin, Peter K.},
	year = {2014},
}
@article{bird_natural_2009,
	title = {Natural Language Processing and Linguistic Fieldwork},
	volume = {35},
	pages = {469--474},
	number = {3},
	journal = {Computational Linguistics},
	author = {Bird, Steven},
	year = {2009}
}

@inproceedings{baldridge_how_2009,
	location = {Singapore},
	title = {How well does active learning actually work? Time-based evaluation of cost-reduction strategies for language documentation},
	pages = {296--305},
	booktitle = {Proceedings of the 2009 Conference on Empirical Methods in Natural Language Processing},
	author = {Baldridge, Jason and Palmer, Alexis},
	year = {2009}
}

@inproceedings{bettinson_developing_2017,
	location = {Honolulu},
	title = {Developing a Suite of Mobile Applications for Collaborative Language Documentation},
	booktitle = {Workshop on Computational Methods for Endangered Languages},
	author = {Bettinson, Mat and Bird, Steven},
	year = {2017}
}

@article{bergmanis_training_2017,
	title = {Training Data Augmentation for Low-Resource Morphological Inflection},
	pages = {31--39},
	journal = {Proceedings of the {CoNLL} {SIGMORPHON} 2017 Shared Task: Universal Morphological Reinflection},
	author = {Bergmanis, Toms and Kann, Katharina and Schütze, Hinrich and Goldwater, Sharon},
	year = {2017}
}

@book{beesley_finite-state_2003,
	title = {Finite-State Morphology: Xerox Tools and Techniques},
	author = {Beesley, Kenneth R and Karttunen, Lauri},
	publisher = {Xerox Corporation},
	year = {2003}
}

@inproceedings{chan_learning_2006,
	location = {Stroudsburg, {PA}, {USA}},
	title = {Learning Probabilistic Paradigms for Morphology in a Latent Class Model},
	series = {{SIGPHON} '06},
	pages = {69--78},
	booktitle = {Proceedings of the Eighth Meeting of the {ACL} Special Interest Group on Computational Phonology and Morphology},
	publisher = {Association for Computational Linguistics},
	author = {Chan, Erwin},
	year = {2006}
}

@book{creutz_unsupervised_2005a,
	title = {Unsupervised morpheme segmentation and morphology induction from text corpora using {Morfessor} 1.0},
	publisher = {Helsinki University of Technology},
	author = {Creutz, Mathias and Lagus, Krista},
	year = {2005}
}

@article{creutz_unsupervised_2007,
	title = {Unsupervised Models for Morpheme Segmentation and Morphology Learning},
	volume = {4},
	pages = {3:1--3:34},
	number = {1},
	journal = {{ACM} Trans. Speech Lang. Process.},
	author = {Creutz, Mathias and Lagus, Krista},
	year = {2007}
}
@INPROCEEDINGS{creutz_inducing_2005b,
    author = {Mathias Creutz and Krista Lagus},
    title = {Inducing the morphological lexicon of a natural language from unannotated text},
    booktitle = {In Proceedings of the International and Interdisciplinary Conference on Adaptive Knowledge Representation and Reasoning (AKRR’05)},
    year = {2007}
}

@inproceedings{creutz_unsupervised_2002,
	title = {Unsupervised discovery of morphemes},
	pages = {21--30},
	booktitle = {Proceedings of the {ACL}-02 workshop on Morphological and phonological learning-Volume 6},
	publisher = {Association for Computational Linguistics},
	author = {Creutz, Mathias and Lagus, Krista},
	year = {2002}
}

@inproceedings{creutz_unsupervised_2003,
	title = {Unsupervised segmentation of words using prior distributions of morph length and frequency},
	pages = {280--287},
	booktitle = {Proceedings of the 41st Annual Meeting on Association for Computational Linguistics-Volume 1},
	publisher = {Association for Computational Linguistics},
	author = {Creutz, Mathias},
	year = {2003}
}

@inproceedings{buys_cross-lingual_2016,
	title = {Cross-Lingual Morphological Tagging for Low-Resource Languages},
	booktitle = {Proceedings of the 54th Annual Meeting of the Association for Computational Linguistics},
	author = {Buys, Jan and Botha, Jan A.},
	year = {2016}
}

@inproceedings{cotterell_labeled_2015,
	title = {Labeled Morphological Segmentation with Semi-Markov Models.},
	pages = {164--174},
	booktitle = {{CoNLL}},
	author = {Cotterell, Ryan and Müller, Thomas and Fraser, Alexander M. and Schütze, Hinrich},
	year = {2015}
}

@inproceedings{cohen_joint_2007,
	location = {Prague},
	title = {Joint Morphological and Syntactic Disambiguation},
	pages = {208--217},
	booktitle = {Proceedings of the 2007 Joint Conference on Empirical Methods in Natural Language Processing and Computational Natural Language Learning},
	publisher = {Association for Computational Linguistics},
	author = {Cohen, Shay B. and Smith, Noah A.},
	year = {2007}
}

@article{cotterell_cross-lingual_2017,
	title = {Cross-lingual Character-Level Neural Morphological Tagging},
	pages = {748--759},
	journal = {Proceedings of the 2017 Conference on Empirical Methods in Natural Language Processing},
	author = {Cotterell, Ryan and Heigold, Georg},
	year = {2017}
}

@inproceedings{cotterell_sigmorphon_2016,
	title = {The {SIGMORPHON} 2016 shared task—morphological reinflection},
	pages = {10--22},
	booktitle = {Proceedings of the 14th {SIGMORPHON} Workshop on Computational Research in Phonetics, Phonology, and Morphology},
	author = {Cotterell, Ryan and Kirov, Christo and Sylak-Glassman, John and Yarowsky, David and Eisner, Jason and Hulden, Mans},
	year = {2016}
}

@inproceedings{cotterell_conll-sigmorphon_2017,
	location = {Vancouver},
	title = {{CoNLL}-{SIGMORPHON} 2017 Shared Task: Universal Morphological Reinflection in 52 Languages},
	pages = {1--30},
	booktitle = {Proceedings of the {CoNLL} {SIGMORPHON} 2017 Shared Task: Universal Morphological Reinflection},
	publisher = {Association for Computational Linguistics},
	author = {Cotterell, Ryan and Kirov, Christo and Sylak-Glassman, John and Walther, Géraldine and Vylomova, Ekaterina and Xia, Patrick and Faruqui, Manaal and Kübler, Sandra and Yarowsky, David and Eisner, Jason and Hulden, Mans},
	year = {2017}
}

@inproceedings{cotterell_conllsigmorphon_2018,
	location = {Brussels},
	title = {The {CoNLL}–{SIGMORPHON} 2018 Shared Task: Universal Morphological Reinflection},
	pages = {1--27},
	booktitle = {Proceedings of the {CoNLL} {SIGMORPHON} 2018 Shared Task: Universal Morphological Reinflection},
	publisher = {Association for Computational Linguistics},
	author = {Cotterell, Ryan and Kirov, Christo and Sylak-Glassman, John and Walther, Géraldine and Vylomova, Ekaterina and {McCarthy}, Arya D. and Kann, Katharina and Mielke, Sebastian and Nicolai, Garrett and Silfverberg, Miikka and Yarowsky, David and Eisner, Jason and Hulden, Mans},
	year = {2018}
}
@inproceedings{sigmorphon2019,
    title = {The {SIGMORPHON} 2019 Shared Task: Crosslinguality and Context in Morphology},
    author = {{McCarthy}, Arya D. and Vylomova, Ekaterina and Wu, Shijie and Malaviya, Chaitanya and {Wolf-Sonkin}, Lawrence and       Nicolai, Garrett and Kirov, Christo and Silfverberg, Miikka and Mielke, Sebastian and Heinz, Jeffrey and Cotterell, Ryan and       Hulden, Mans},
    booktitle = {Proceedings of the 16th SIGMORPHON Workshop on Computational Research in Phonetics, Phonology, and Morphology},
    year = {2019},
    address = {Florence, Italy},
    publisher = {Association for Computational Linguistics}
}
@book{chomsky_sound_1968,
	title = {The sound patterns of English},
	publisher = {{ERIC}},
	author = {Chomsky, Noam and Halle, Morris},
	year = {1968}
}
@article{goodman_generation_2013,
	title = {Generation of Machine-Readable Morphological Rules from Human-Readable Input},
	volume = {30},
	journal = {{UW} Working Papers in Linguistics},
	author = {Goodman, Michael Wayne},
	editor = {Song, Sanghoun and Crowgey, Joshua},
	year = {2013}
}

@inproceedings{detrez_smart_2012,
	title = {Smart paradigms and the predictability and complexity of inflectional morphology},
	pages = {645--653},
	booktitle = {Proceedings of the 13th Conference of the European Chapter of the Association for Computational Linguistics},
	publisher = {Association for Computational Linguistics},
	author = {Détrez, Grégoire and Ranta, Aarne},
	year = {2012}
}

@inproceedings{dreyer_discovering_2011,
	title = {Discovering morphological paradigms from plain text using a Dirichlet process mixture model},
	pages = {616--627},
	booktitle = {Proceedings of the Conference on Empirical Methods in Natural Language Processing},
	publisher = {Association for Computational Linguistics},
	author = {Dreyer, Markus and Eisner, Jason},
	year = {2011}
}

@article{goldsmith_unsupervised_2001,
	title = {Unsupervised learning of the morphology of a natural language},
	volume = {27},
	pages = {153--198},
	number = {2},
	journal = {Computational linguistics},
	author = {Goldsmith, John},
	year = {2001}
}

@inproceedings{durrett_supervised_2013,
	location = {Atlanta, Georgia},
	title = {Supervised Learning of Complete Morphological Paradigms},
	pages = {1185--1195},
	booktitle = {Proceedings of {NAACL}-{HLT}},
	publisher = {Association for Computational Linguistics},
	author = {Durrett, Greg and {DeNero}, John},
	year = {2013}
}

@inproceedings{goldsmith_linguistica:_2000,
	title = {Linguistica: An Automatic Morphological Analyzer},
	author = {Goldsmith, John},
	booktitle = {Meeting of the Chicago Linguistic Society},
	volume = {1},
	year = {2000}
}

@article{goldsmith_computational_2017,
	title = {Computational Learning of Morphology},
	volume = {3},
	journal = {Annual Review},
	author = {Goldsmith, John and Lee, Jackson and Xanthos, Aris},
	year = {2017}
}

@TECHREPORT{Druck_reducing_2007,
    author = {Gregory Druck and Gideon Mann and Andrew Mccallum},
    title = {Reducing annotation effort using generalized expectation criteria},
    institution={University of Massachusetts Amherst, Dept. of Computer Science},
    year = {2007}
}

@inproceedings{gale_one_1992,
	title = {One Sense Per Discourse},
	booktitle = {Speech and Natural Language: Proceedings of a Workshop Held at Harriman, New York, February 23-26, 1992},
	publisher = {Association for Computational Linguistics},
	author = {Gale, William A. and Church, Kenneth W. and Yarowsky, David},
	year = {1992}
}
@article{kirschenbaum_unsupervised_2012,
	title = {Unsupervised morphological analysis of small corpora: First experiments with Kilivila},
	volume = {3},
	pages = {25--31},
	journal = {Language Documentation \& Conservation Special Publication},
	author = {Kirschenbaum, Amit and Wittenburg, Peter and Heyer, Gerhard},
	year = {2012}
}

@inproceedings{holton_developing_2017,
	title = {Developing collection management tools to create more robust and reliable linguistic data},
	booktitle = {Workshop on Computational Methods for Endangered Languages},
	author = {Holton, Gary and Hooshiar, Kavon and Thieberger, Nicholas},
	year = {2017}
}

@article{hammarstrom_unsupervised_2011,
	title = {Unsupervised learning of morphology},
	volume = {37},
	pages = {309--350},
	number = {2},
	journal = {Computational Linguistics},
	author = {Hammarström, Harald and Borin, Lars},
	year = {2011}
}

@incollection{karttunen_2005,
	title = {Twenty-five years of finite-state morphology},
	pages = {71--83},
	booktitle = {Inquiries Into Words, a Festschrift for Kimmo Koskenniemi on his 60th Birthday},
	author = {Karttunen, Lauri and Beesley, Kenneth R.},
	publisher = {CSLI publications},
	year = {2005}
}

@inproceedings{kohonen_semi-supervised_2010,
	title = {Semi-supervised learning of concatenative morphology},
	pages = {78--86},
	booktitle = {Proceedings of the 11th Meeting of the {ACL} Special Interest Group on Computational Morphology and Phonology},
	publisher = {Association for Computational Linguistics},
	author = {Kohonen, Oskar and Virpioja, Sami and Lagus, Krista},
	year = {2010}
}

@inproceedings{he_humanloop_2016,
	title = {Human-in-the-Loop Parsing.},
	pages = {2337--2342},
	booktitle = {{EMNLP}},
	author = {He, Luheng and Michael, Julian and Lewis, Mike and Zettlemoyer, Luke},
	year = {2016}
}

@inproceedings{lee_modeling_2011,
	title = {Modeling syntactic context improves morphological segmentation},
	pages = {1--9},
	booktitle = {Proceedings of the Fifteenth Conference on Computational Natural Language Learning},
	publisher = {Association for Computational Linguistics},
	author = {Lee, Yoong Keok and Haghighi, Aria and Barzilay, Regina},
	year = {2011}
}

@phdthesis{hulden_finite-state_2009,
	location = {Tucson, {AZ}, {USA}},
	title = {Finite-state Machine Construction Methods and Algorithms for Phonology and Morphology},
	school = {University of Arizona},
	type = {Phd thesis},
	author = {Hulden, Mans},
	year = {2009}
}

@inproceedings{lee_linguistica_2016,
    location = {San Diego, California},
	title = {Linguistica 5: Unsupervised Learning of Linguistic Structure},
	booktitle = {Proceedings of NAACL-HLT 2016 (Demonstrations)},
	pages = {222-26},
	publisher = {Association for Computational Linguistics},
	author = {Lee, Jackson and Goldsmith, John},
	year = {2016}
}

@article{kann_neural_2016,
	title = {Neural Multi-Source Morphological Reinflection},
	journal = {Proceedings of the {CoNLL} {SIGMORPHON} 2017 Shared Task: Universal Morphological Reinflection},
	author = {Kann, Katharina and Cotterell, Ryan and Schütze, Hinrich},
	year = {2016}
}

@incollection{harris_morpheme_1967,
	location = {Philadelphia},
	title = {Morpheme boundaries within words: Report on a computer test.},
	volume = {73},
	booktitle = {Transformations and Discourse Analysis Papers},
	publisher = {Department of Linguistics, University of Pennsylvania},
	author = {Harris, Zellig},
	year = {1967}
}

@article{harris_phoneme_1955,
	title = {From phoneme to morpheme},
	volume = {31},
	pages = {190--222},
	number = {2},
	journal = {Language},
	author = {Harris, Zellig},
	year = {1955}
}

@inproceedings{heigold_extensive_2017,
	location = {Valencia, Spain},
	title = {An Extensive Empirical Evaluation of Character-Based Morphological Tagging for 14 Languages},
	pages = {505--513},
	booktitle = {Proceedings of the 15th Conference of the European Chapter of the Association for Computational Linguistics: Volume 1, Long Papers},
	publisher = {Association for Computational Linguistics},
	author = {Heigold, Georg and Neumann, Guenter and van Genabith, Josef},
	year = {2017}
}

@inproceedings{kaplan_phonological_1981,
	title = {Phonological rules and finite-state transducers},
	pages = {27--30},
	booktitle = {Linguistic Society of America Meeting Handbook, Fifty-Sixth Annual Meeting},
	author = {Kaplan, Ronald M and Kay, Martin},
	year = {1981}
}

@inproceedings{koskenniemi_two-level_1983,
	title = {Two-Level Model for Morphological Analysis.},
	volume = {83},
	pages = {683--685},
	booktitle = {{IJCAI}},
	author = {Koskenniemi, Kimmo},
	year = {1983}
}

@inproceedings{lafferty_conditional_2001,
	title = {Conditional Random Fields: Probabilistic Models for Segmenting and Labeling Sequence Data},
	pages = {282--289},
	booktitle = {Proceedings of the 18th International Conference on Machine Learning},
	author = {Lafferty, John and {McCallum}, Andrew and Pereira, Fernando C N},
	year = {2001}
}
@inproceedings{palmer_evaluating_2009,
	location = {Stroudsburg, {PA}, {USA}},
	title = {Evaluating Automation Strategies in Language Documentation},
	series = {{HLT} '09},
	pages = {36--44},
	booktitle = {Proceedings of the {NAACL} {HLT} 2009 Workshop on Active Learning for Natural Language Processing},
	publisher = {Association for Computational Linguistics},
	author = {Palmer, Alexis and Moon, Taesun and Baldridge, Jason},
	year = {2009}
}

@article{palmer_computational_2010,
	title = {Computational strategies for reducing annotation effort in language documentation},
	volume = {3},
	pages = {1--42},
	number = {4},
	journal = {Linguistic Issues in Language Technology},
	author = {Palmer, Alexis and Moon, Taesun and Baldridge, Jason and Erk, Katrin and Campbell, Eric and Can, Telma},
	year = {2010}
}

@inproceedings{moon_unsupervised_2009,
	title = {Unsupervised morphological segmentation and clustering with document boundaries},
	pages = {668--677},
	booktitle = {Proceedings of the 2009 Conference on Empirical Methods in Natural Language Processing: Volume 2-Volume 2},
	publisher = {Association for Computational Linguistics},
	author = {Moon, Taesun and Erk, Katrin and Baldridge, Jason},
	year = {2009}
}

@article{malouf_generating_2016,
	title = {Generating morphological paradigms with a recurrent neural network},
	volume = {6},
	pages = {122--129},
	journal = {San Diego Linguistic Papers},
	author = {Malouf, Robert},
	year = {2016}
}

@inproceedings{poon_unsupervised_2009,
	title = {Unsupervised morphological segmentation with log-linear models},
	pages = {209--217},
	booktitle = {Proceedings of Human Language Technologies: The 2009 Annual Conference of the North American Chapter of the Association for Computational Linguistics},
	publisher = {Association for Computational Linguistics},
	author = {Poon, Hoifung and Cherry, Colin and Toutanova, Kristina},
	year = {2009}
}

@inproceedings{monson_evaluating_2008,
	title = {Evaluating an agglutinative segmentation model for paramor},
	pages = {49--58},
	booktitle = {Proceedings of the Tenth Meeting of {ACL} Special Interest Group on Computational Morphology and Phonology},
	publisher = {Association for Computational Linguistics},
	author = {Monson, Christian and Lavie, Alon and Carbonell, Jaime and Levin, Lori},
	year = {2008}
}

@phdthesis{palmer_semi-automated_2009,
	title = {Semi-automated annotation and active learning for language documentation},
	school = {University of Texas at Austin},
	type = {Phd thesis},
	author = {Palmer, Alexis Mary},
	year = {2009}
}

@article{nicolai_morphological_2017,
	title = {Morphological Analysis without Expert Annotation},
	volume = {2},
	pages = {211--216},
	journal = {Proceedings of the 15th Conference of the European Chapter of the Association for Computational Linguistics: Volume 2, Short Papers},
	author = {Nicolai, Garrett and Kondrak, Grzegorz},
	year = {2017}
}

@inproceedings{muller_efficient_2013,
	title = {Efficient higher-order {CRFs} for morphological tagging},
	pages = {322--332},
	booktitle = {Proceedings of the 2013 Conference on Empirical Methods in Natural Language Processing},
	author = {Müller, Thomas and Schmid, Helmut and Schütze, Hinrich},
	year = {2013}
}

@inproceedings{monson_paramorfinding_2007b,
	title = {{ParaMor}: Finding Paradigms across Morphology},
	series = {Lecture Notes in Computer Science},
	eventtitle = {Workshop of the Cross-Language Evaluation Forum for European Languages},
	pages = {900--907},
	booktitle = {Advances in Multilingual and Multimodal Information Retrieval},
	publisher = {Springer, Berlin, Heidelberg},
	author = {Monson, Christian and Carbonell, Jaime and Lavie, Alon and Levin, Lori},
	year = {2007}
}

@inproceedings{monson_unsupervised_2004,
	title = {Unsupervised induction of natural language morphology inflection classes},
	pages = {52--61},
	booktitle = {Proceedings of the 7th Meeting of the {ACL} Special Interest Group in Computational Phonology: Current Themes in Computational Phonology and Morphology},
	publisher = {Association for Computational Linguistics},
	author = {Monson, Christian and Lavie, Alon and Carbonell, Jaime and Levin, Lori},
	year = {2004}
}

@inproceedings{monson_paramorMinimally_2007a,
	title = {Paramor: Minimally supervised induction of paradigm structure and morphological analysis},
	pages = {117--125},
	booktitle = {Proceedings of Ninth Meeting of the {ACL} Special Interest Group in Computational Morphology and Phonology},
	publisher = {Association for Computational Linguistics},
	author = {Monson, Christian and Carbonell, Jaime and Lavie, Alon and Levin, Lori},
	year = {2007}
}

@inproceedings{makarov_align_2017,
	location = {Vancouver},
	title = {Align and Copy: {UZH} at {SIGMORPHON} 2017 Shared Task for Morphological Reinflection},
	pages = {49--57},
	booktitle = {Proceedings of the {CoNLL} {SIGMORPHON} 2017 Shared Task: Universal Morphological Reinflection},
	publisher = {Association for Computational Linguistics},
	author = {Makarov, Peter and Ruzsics, Tatiana and Clematide, Simon},
	year = {2017}
}

@inproceedings{makarov_uzh_2018,
	location = {Brussels},
	title = {{UZH} at {CoNLL}-{SIGMORPHON} 2018 Shared Task on Universal Morphological Reinflection},
	pages = {69--75},
	booktitle = {Proceedings of the {CoNLL} {SIGMORPHON} 2018 Shared Task: Universal Morphological Reinflection},
	publisher = {Association for Computational Linguistics},
	author = {Makarov, Peter and Clematide, Simon},
	year = {2018}
}
@article{settles_active_2010,
	title = {Active learning literature survey},
	volume = {52},
	pages = {11},
	number = {55},
	journal = {University of Wisconsin, Madison},
	author = {Settles, Burr},
	year = {2010}
}

@article{senuma_seq2seq_2017,
	title = {Seq2seq for Morphological Reinflection: When Deep Learning Fails},
	pages = {100--109},
	journal = {Proceedings of the {CoNLL} {SIGMORPHON} 2017 Shared Task: Universal Morphological Reinflection},
	author = {Senuma, Hajime and Aizawa, Akiko},
	year = {2017}
}

@article{ruokolainen_comparative_2016,
	title = {A Comparative Study of Minimally Supervised Morphological Segmentation},
	volume = {42},
	pages = {91--120},
	number = {1},
	journal = {Computational Linguistics},
	author = {Ruokolainen, Teemu and Kohonen, Oskar and Sirts, Kairit and Grönroos, Stig-Arne and Kurimo, Mikko and Virpioja, Sami},
	year = {2016}
}

@inproceedings{ruokolainen_supervised_2013,
	title = {Supervised Morphological Segmentation in a Low-Resource Learning Setting using Conditional Random Fields.},
	pages = {29--37},
	booktitle = {{CoNLL}},
	author = {Ruokolainen, Teemu and Kohonen, Oskar and Virpioja, Sami and Kurimo, Mikko},
	year = {2013}
}

@book{roark_computational_2007,
	location = {Oxford; New York},
	title = {Computational approaches to morphology and syntax},
	publisher = {Oxford University Press},
	author = {Roark, Brian and Sproat, Richard William},
	year = {2007}
}

@inproceedings{schone_knowledge-free_2001,
  title={Knowledge-free induction of inflectional morphologies},
  author={Schone, Patrick and Jurafsky, Daniel},
  booktitle={Proceedings of the second meeting of the North American Chapter of the Association for Computational Linguistics on Language technologies},
  pages={1--9},
  year={2001},
  organization={Association for Computational Linguistics}
}

@inproceedings{wang_morphological_2016,
	title = {Morphological Segmentation with Window {LSTM} Neural Networks.},
	pages = {2842--2848},
	booktitle = {{AAAI}},
	author = {Wang, Linlin and Cao, Zhu and Xia, Yu and de Melo, Gerard},
	year = {2016}
}

@inproceedings{snyder_unsupervised_2008,
	title = {Unsupervised Multilingual Learning for Morphological Segmentation.},
	pages = {737--745},
	booktitle = {{ACL}},
	author = {Snyder, Benjamin and Barzilay, Regina},
	year = {2008}
}

@inproceedings{soricut_unsupervised_2015,
	location = {Denver, Colorado},
	title = {Unsupervised Morphology Induction Using Word Embeddings},
	pages = {1627--1637},
	booktitle = {Proceedings of the 2015 Conference of the North American Chapter of the Association for Computational Linguistics: Human Language Technologies},
	author = {Soricut, Radu and Och, Franz},
	year = {2015}
}

@article{vania_characters_2017,
	title = {From Characters to Words to in Between: Do We Capture Morphology?},
	volume = {1},
	pages = {2016--2027},
	journal = {Proceedings of the 55th Annual Meeting of the Association for Computational Linguistics (Volume 1: Long Papers)},
	author = {Vania, Clara and Lopez, Adam},
	year = {2017}
}

@article{sudhakar_experiments_2017,
	title = {Experiments on Morphological Reinflection: {CoNLL}-2017 Shared Task},
	pages = {71--78},
	journal = {Proceedings of the {CoNLL} {SIGMORPHON} 2017 Shared Task: Universal Morphological Reinflection},
	author = {Sudhakar, Akhilesh and Singh, Anil Kumar},
	year = {2017}
}

@article{silfverberg_data_2017,
	title = {Data Augmentation for Morphological Reinflection},
	pages = {90--99},
	journal = {Proceedings of the {CoNLL} {SIGMORPHON} 2017 Shared Task: Universal Morphological Reinflection},
	author = {Silfverberg, Miikka and Wiemerslage, Adam and Liu, Ling and Mao, Lingshuang Jack},
	year = {2017}
}

@inproceedings{silfverberg_encoder-decoder_2018,
	location = {Brussels, Belgium},
	title = {An Encoder-Decoder Approach to the Paradigm Cell Filling Problem},
	pages = {2883--2889},
	booktitle = {Proceedings of the 2018 Conference on Empirical Methods in Natural Language Processing},
	publisher = {Association for Computational Linguistics},
	author = {Silfverberg, Miikka and Hulden, Mans},
	year = {2018}
}

@article{virpioja_empirical_2011,
	title = {Empirical Comparison of Evaluation Methods for Unsupervised Learning of Morphology},
	volume = {52},
	pages = {45--90},
	number = {2},
	journal = {{TAL}},
	author = {Virpioja, Sami and Turunen, Ville and Spiegler, Sebastian and Kohonen, Oskar and Kurimo, Mikko},
	year = {2011}
}

@incollection{taylor_penn_2003,
	location = {Dordrecht},
	title = {The Penn Treebank: An Overview},
	series = {Text, Speech and Language Technology},
	pages = {5--22},
	booktitle = {Treebanks: Building and Using Parsed Corpora},
	publisher = {Springer Netherlands},
	author = {Taylor, Ann and Marcus, Mitchell and Santorini, Beatrice},
	editor = {Abeillé, Anne},
	year = {2003},
}

@article{blevins2006word,
  title={Word-based morphology},
  author={Blevins, James P},
  journal={Journal of Linguistics},
  pages={531--573},
  year={2006},
  publisher={JSTOR}
}
